<record><leader>00000cas a22000007a 4500</leader><controlfield tag="001">14633769</controlfield><controlfield tag="008">861104u1881uuuutxuwr ne      0    0eng d</controlfield><datafield ind1=" " ind2=" " tag="010"><subfield code="a">sn 86089984 </subfield></datafield><datafield ind1=" " ind2=" " tag="040"><subfield code="a">PPM</subfield><subfield code="b">eng</subfield><subfield code="c">PPM</subfield><subfield code="d">OCLCQ</subfield></datafield><datafield ind1=" " ind2=" " tag="042"><subfield code="a">msc</subfield></datafield><datafield ind1="0" ind2=" " tag="130"><subfield code="a">Nation (Richmond, Tex. : 1881)</subfield></datafield><datafield ind1="1" ind2="4" tag="245"><subfield code="a">The nation.</subfield></datafield><datafield ind1=" " ind2=" " tag="260"><subfield code="a">Richmond, Tex. :</subfield><subfield code="b">Cad M. Nation</subfield></datafield><datafield ind1=" " ind2=" " tag="300"><subfield code="a">v.</subfield></datafield><datafield ind1=" " ind2=" " tag="310"><subfield code="a">Weekly</subfield></datafield><datafield ind1="1" ind2=" " tag="362"><subfield code="a">Began in 1881?</subfield></datafield><datafield ind1=" " ind2=" " tag="588"><subfield code="a">Description based on: Vol. 3, no. 12 (Sept. 28, 1883).</subfield></datafield><datafield ind1=" " ind2=" " tag="752"><subfield code="a">United States</subfield><subfield code="b">Texas</subfield><subfield code="c">Fort Bend</subfield><subfield code="d">Richmond.</subfield></datafield><datafield ind1="1" ind2=" " tag="029"><subfield code="a">AU@</subfield><subfield code="b">000025784917</subfield></datafield></record>